<?xml version="1.0" encoding="UTF-8"?><collection xmlns="http://www.loc.gov/MARC21/slim"><record><leader>00408nam--2200145-i-4500</leader><controlfield tag="001">000011291</controlfield><controlfield tag="002">20161230</controlfield><controlfield tag="005">20161230201029</controlfield><controlfield tag="008">060222s1000------------r-----000-0-eng-d</controlfield><datafield ind1=" " ind2=" " tag="080"><subfield code="a">539.2(061.3):541.1(061.3)</subfield></datafield><datafield ind1=" " ind2=" " tag="245"><subfield code="a">New york, plenum press, 1973 xii + 396 p</subfield></datafield><datafield ind1=" " ind2=" " tag="260"><subfield code="a">New York, Plenum Press, 1973 Xii + 396 P</subfield></datafield><datafield ind1=" " ind2=" " tag="490"><subfield code="a">The Ibm Research Symposia Series</subfield></datafield><datafield ind1=" " ind2=" " tag="700"><subfield code="a">F. Herman /S.A.</subfield></datafield><datafield ind1=" " ind2=" " tag="852"><subfield code="a">42033</subfield></datafield></record></collection>